<marc:record xmlns:marc="http://www.loc.gov/MARC21/slim"><marc:leader>00676nam a22001330a 45 0</marc:leader><marc:controlfield tag="001">307174</marc:controlfield><marc:controlfield tag="003">NL-AMISG</marc:controlfield><marc:controlfield tag="005">19950210234845.0</marc:controlfield><marc:controlfield tag="008">199502suuuuuuuu||||||||||||||||||||||| d</marc:controlfield><marc:datafield ind1=" " ind2=" " tag="035"><marc:subfield code="a">(IISG)IISGb10048228</marc:subfield></marc:datafield><marc:datafield ind1=" " ind2=" " tag="040"><marc:subfield code="a">NL-AmISG</marc:subfield></marc:datafield><marc:datafield ind1="1" ind2="0" tag="245"><marc:subfield code="a">Koninklijke besluiten tot uitvoering van de lager-onderwijswet 1920.</marc:subfield></marc:datafield><marc:datafield ind1=" " ind2=" " tag="250"><marc:subfield code="a">3e dr., omvattende de koninklijke besluiten verschenen tot op 15 Febr. 1924.</marc:subfield></marc:datafield><marc:datafield ind1=" " ind2=" " tag="260"><marc:subfield code="a">Alphen a.d. Rijn,</marc:subfield><marc:subfield code="c">1924.</marc:subfield></marc:datafield><marc:datafield ind1=" " ind2=" " tag="690"><marc:subfield code="a">N 1647</marc:subfield><marc:subfield code="b">Netherlands; social history; after 1813; social policy, social law, social security; education; general, primary education, compulsory education</marc:subfield><marc:subfield code="c">Nederland; sociale geschiedenis; sinds 1813; sociale zorg; onderwijs; lager onderwijs en leerplicht, volksonderwijs, onderwijs in het algemeen.</marc:subfield></marc:datafield><marc:datafield ind1=" " ind2=" " tag="852"><marc:subfield code="a">IISG</marc:subfield><marc:subfield code="b">IISG</marc:subfield><marc:subfield code="c">IISG</marc:subfield><marc:subfield code="j">N 1647/19</marc:subfield><marc:subfield code="p">N10047736</marc:subfield></marc:datafield><marc:datafield ind1=" " ind2=" " tag="901"><marc:subfield code="a">307174</marc:subfield><marc:subfield code="b">Unknown</marc:subfield><marc:subfield code="c">307174</marc:subfield><marc:subfield code="t">biblio</marc:subfield></marc:datafield><marc:datafield ind1=" " ind2=" " tag="902"><marc:subfield code="a">10622/3001CA60-B46A-46A8-906B-C3C8B2F1515D</marc:subfield></marc:datafield></marc:record>